<?xml version = "1.0" encoding = "UTF-8"?><record>
    <leader>00000nms#a2200000#c#4500</leader>
    <controlfield tag="003">DE-605</controlfield>
    <controlfield tag="005">20190603215100.0</controlfield>
    <controlfield tag="007">cr#|||||||||||</controlfield>
    <controlfield tag="008">120113m20129999gw######o##|########eng#c</controlfield>
    <controlfield tag="009">HT017131057</controlfield>
    <controlfield tag="001">990190366660206441</controlfield>
    <datafield tag="035" ind1=" " ind2=" ">
      <subfield code="a">HT017131057</subfield>
    </datafield>
    <datafield tag="035" ind1=" " ind2=" ">
      <subfield code="a">(DE-605)HT017131057</subfield>
    </datafield>
    <datafield tag="035" ind1=" " ind2=" ">
      <subfield code="a">(ALEPHCCHBZ)019036666HBZ01</subfield>
    </datafield>
    <datafield tag="016" ind1="7" ind2=" ">
      <subfield code="a">1018821619</subfield>
      <subfield code="2">DE-101b</subfield>
    </datafield>
    <datafield tag="016" ind1="7" ind2=" ">
      <subfield code="a">2645915-2</subfield>
      <subfield code="2">DE-600</subfield>
    </datafield>
    <datafield tag="016" ind1="7" ind2=" ">
      <subfield code="a">773179713</subfield>
      <subfield code="2">OCoLC</subfield>
    </datafield>
    <datafield tag="022" ind1=" " ind2=" ">
      <subfield code="a">2191-950X</subfield>
    </datafield>
    <datafield tag="022" ind1=" " ind2=" ">
      <subfield code="y">2191-9150X</subfield>
    </datafield>
    <datafield tag="024" ind1="7" ind2=" ">
      <subfield code="a">10.1515/anona</subfield>
      <subfield code="2">doi</subfield>
    </datafield>
    <datafield tag="029" ind1="a" ind2="a">
      <subfield code="a">2191-950X = = Advances in nonlinear analysis (Internet)</subfield>
    </datafield>
    <datafield tag="029" ind1="a" ind2="d">
      <subfield code="a">2191-9496</subfield>
      <subfield code="0">(uri) http://worldcat.org/issn/2191-9496</subfield>
    </datafield>
    <datafield tag="035" ind1=" " ind2=" ">
      <subfield code="a">(DE-600)2645915-2</subfield>
    </datafield>
    <datafield tag="035" ind1=" " ind2=" ">
      <subfield code="a">(OCoLC)773179713</subfield>
      <subfield code="0">(uri) http://www.worldcat.org/oclc/773179713</subfield>
    </datafield>
    <datafield tag="035" ind1=" " ind2=" ">
      <subfield code="a">(DE-599)ZDB2645915-2</subfield>
    </datafield>
    <datafield tag="040" ind1=" " ind2=" ">
      <subfield code="a">0007</subfield>
      <subfield code="b">ger</subfield>
      <subfield code="c">DNB</subfield>
      <subfield code="d">1141</subfield>
    </datafield>
    <datafield tag="041" ind1=" " ind2=" ">
      <subfield code="a">eng</subfield>
    </datafield>
    <datafield tag="044" ind1=" " ind2=" ">
      <subfield code="c">XA-DE</subfield>
    </datafield>
    <datafield tag="084" ind1=" " ind2=" ">
      <subfield code="a">510</subfield>
      <subfield code="q">DE-600</subfield>
      <subfield code="2">zdbs</subfield>
    </datafield>
    <datafield tag="090" ind1=" " ind2=" ">
      <subfield code="n">nl</subfield>
    </datafield>
    <datafield tag="222" ind1=" " ind2="0">
      <subfield code="a">Advances in nonlinear analysis</subfield>
      <subfield code="b">Internet</subfield>
    </datafield>
    <datafield tag="245" ind1="0" ind2="0">
      <subfield code="a">Advances in nonlinear analysis</subfield>
    </datafield>
    <datafield tag="264" ind1="3" ind2="1">
      <subfield code="a">Berlin</subfield>
      <subfield code="a">Boston, Mass.</subfield>
      <subfield code="b">de Gruyter</subfield>
      <subfield code="c">2012-</subfield>
    </datafield>
    <datafield tag="300" ind1=" " ind2=" ">
      <subfield code="a">Online-Ressource</subfield>
    </datafield>
    <datafield tag="336" ind1=" " ind2=" ">
      <subfield code="b">txt</subfield>
    </datafield>
    <datafield tag="337" ind1=" " ind2=" ">
      <subfield code="b">c</subfield>
    </datafield>
    <datafield tag="338" ind1=" " ind2=" ">
      <subfield code="b">cr</subfield>
    </datafield>
    <datafield tag="362" ind1="0" ind2=" ">
      <subfield code="a">2012 -</subfield>
    </datafield>
    <datafield tag="363" ind1="0" ind2="1">
      <subfield code="8">1.1\x</subfield>
      <subfield code="i">2012</subfield>
    </datafield>
    <datafield tag="500" ind1=" " ind2=" ">
      <subfield code="a">Gesehen am 18.03.2019. - Fortsetzung der Druck-Ausgabe</subfield>
      <subfield code="9">F:501</subfield>
    </datafield>
    <datafield tag="655" ind1=" " ind2="7">
      <subfield code="a">Zeitschrift</subfield>
      <subfield code="0">(DE-588)4067488-5</subfield>
      <subfield code="2">gnd-content</subfield>
    </datafield>
    <datafield tag="776" ind1="0" ind2="8">
      <subfield code="i">Erscheint auch als</subfield>
      <subfield code="n">Druck-Ausgabe, 2012-2018</subfield>
      <subfield code="t">Advances in nonlinear analysis</subfield>
      <subfield code="d">Berlin ; Boston, Mass. : De @Gruyter, 2012-[2018]</subfield>
      <subfield code="x">2191-9496</subfield>
      <subfield code="w">(DE-605)HT017180115</subfield>
      <subfield code="9">F:776</subfield>
      <subfield code="0">(uri) http://worldcat.org/issn/2191-9496</subfield>
    </datafield>
    <datafield tag="856" ind1="4" ind2="2">
      <subfield code="u">https://doi.org/10.1515/anona</subfield>
      <subfield code="x">Resolving-System</subfield>
    </datafield>
    <datafield tag="856" ind1="4" ind2="0">
      <subfield code="u">https://www.degruyter.com/view/j/anona</subfield>
      <subfield code="x">Verlag</subfield>
      <subfield code="z">kostenfrei</subfield>
    </datafield>
    <datafield tag="856" ind1="4" ind2="0">
      <subfield code="u">https://doi.org/10.1515/anona</subfield>
      <subfield code="x">Verlag; 1.2012 - 2.2013</subfield>
      <subfield code="z">Deutschlandweit zug&#228;nglich</subfield>
    </datafield>
    <datafield tag="856" ind1="4" ind2="0">
      <subfield code="u">http://www.bibliothek.uni-regensburg.de/ezeit/?2645915</subfield>
      <subfield code="x">EZB</subfield>
    </datafield>
    <datafield tag="912" ind1=" " ind2=" ">
      <subfield code="a">ZDB-1-DGR</subfield>
    </datafield>
    <datafield tag="960" ind1="1" ind2=" ">
      <subfield code="z">lzZDB</subfield>
    </datafield>
    <datafield tag="964" ind1="0" ind2="s">
      <subfield code="F">030</subfield>
      <subfield code="A">a||u|||||||37</subfield>
    </datafield>
    <datafield tag="964" ind1="0" ind2="s">
      <subfield code="F">050</subfield>
      <subfield code="A">||||||||g|||||</subfield>
    </datafield>
    <datafield tag="964" ind1="0" ind2="s">
      <subfield code="F">052</subfield>
      <subfield code="A">p||||||a|||||||</subfield>
    </datafield>
    <datafield tag="MBD" ind1=" " ind2=" ">
      <subfield code="M">49HBZ_NETWORK</subfield>
      <subfield code="i">990190366660206441</subfield>
      <subfield code="n">HBZ Network</subfield>
    </datafield>
    <datafield tag="MBD" ind1=" " ind2=" ">
      <subfield code="M">49HBZ_FHA</subfield>
      <subfield code="i">991003950359706444</subfield>
      <subfield code="n">Fachhochschule Aachen</subfield>
    </datafield>
    <datafield tag="500" ind1=" " ind2=" ">
      <subfield code="a">Gesehen am 18.03.2019. - Fortsetzung der Druck-Ausgabe</subfield>
      <subfield code="9">F:501</subfield>
      <subfield code="M">49HBZ_FHA</subfield>
    </datafield>
    <datafield tag="776" ind1="0" ind2="8">
      <subfield code="i">Erscheint auch als</subfield>
      <subfield code="n">Druck-Ausgabe, 2012-2018</subfield>
      <subfield code="t">Advances in nonlinear analysis</subfield>
      <subfield code="d">Berlin ; Boston, Mass. : De @Gruyter, 2012-[2018]</subfield>
      <subfield code="x">2191-9496</subfield>
      <subfield code="w">(DE-605)HT017180115</subfield>
      <subfield code="9">F:776</subfield>
      <subfield code="M">49HBZ_FHA</subfield>
    </datafield>
    <datafield tag="980" ind1="1" ind2=" ">
      <subfield code="9">LOCAL</subfield>
      <subfield code="e">HBZ</subfield>
      <subfield code="M">49HBZ_FHA</subfield>
    </datafield>
    <datafield tag="981" ind1=" " ind2=" ">
      <subfield code="9">LOCAL</subfield>
      <subfield code="a">(DE-A96)413388</subfield>
      <subfield code="M">49HBZ_FHA</subfield>
    </datafield>
    <datafield tag="997" ind1=" " ind2=" ">
      <subfield code="9">LOCAL</subfield>
      <subfield code="a">20130219</subfield>
      <subfield code="M">49HBZ_FHA</subfield>
    </datafield>
    <datafield tag="MNG" ind1=" " ind2=" ">
      <subfield code="f">ILS</subfield>
      <subfield code="i">marc21</subfield>
      <subfield code="k">01</subfield>
      <subfield code="e">false</subfield>
      <subfield code="g">019036666-HBZ01</subfield>
      <subfield code="j">90</subfield>
      <subfield code="a">import</subfield>
      <subfield code="b">2020-07-17 02:30:19 Europe/Berlin</subfield>
    </datafield>
    <datafield tag="POR" ind1=" " ind2=" ">
      <subfield code="x">System</subfield>
      <subfield code="a">5331239070006444</subfield>
      <subfield code="M">49HBZ_FHA</subfield>
      <subfield code="c">static</subfield>
      <subfield code="y">2020-07-23 14:28:15 Europe/Berlin</subfield>
      <subfield code="w">2020-07-23 14:28:06 Europe/Berlin</subfield>
      <subfield code="D">https://eu04.alma.exlibrisgroup.com/view/uresolver/49HBZ_NETWORK/openurl?u.ignore_date_coverage=true&amp;portfolio_pid=5331239070006444&amp;Force_direct=true</subfield>
      <subfield code="v">P2E_JOB</subfield>
      <subfield code="z">2020-07-23 12:28:06</subfield>
      <subfield code="i">false</subfield>
      <subfield code="S">5231239080006444</subfield>
      <subfield code="d">e?u.ignore_date_coverage=true&amp;rft.mms_id=991003950359706444</subfield>
      <subfield code="b">Available</subfield>
      <subfield code="f">BOOK</subfield>
      <subfield code="8">5331239070006444</subfield>
    </datafield>
    <datafield tag="POR" ind1=" " ind2=" ">
      <subfield code="x">System</subfield>
      <subfield code="a">5331239090006444</subfield>
      <subfield code="M">49HBZ_FHA</subfield>
      <subfield code="c">static</subfield>
      <subfield code="l">Deutschlandweit zug&#228;nglich</subfield>
      <subfield code="y">2020-07-23 14:28:15 Europe/Berlin</subfield>
      <subfield code="w">2020-07-23 14:28:06 Europe/Berlin</subfield>
      <subfield code="D">https://eu04.alma.exlibrisgroup.com/view/uresolver/49HBZ_NETWORK/openurl?u.ignore_date_coverage=true&amp;portfolio_pid=5331239090006444&amp;Force_direct=true</subfield>
      <subfield code="v">P2E_JOB</subfield>
      <subfield code="z">2020-07-23 12:28:06</subfield>
      <subfield code="i">false</subfield>
      <subfield code="S">5231239100006444</subfield>
      <subfield code="d">e?u.ignore_date_coverage=true&amp;rft.mms_id=991003950359706444</subfield>
      <subfield code="b">Available</subfield>
      <subfield code="f">BOOK</subfield>
      <subfield code="8">5331239090006444</subfield>
    </datafield>
    <datafield tag="POR" ind1=" " ind2=" ">
      <subfield code="x">System</subfield>
      <subfield code="a">5331239110006444</subfield>
      <subfield code="M">49HBZ_FHA</subfield>
      <subfield code="c">static</subfield>
      <subfield code="l">kostenfrei</subfield>
      <subfield code="y">2020-07-23 14:28:15 Europe/Berlin</subfield>
      <subfield code="w">2020-07-23 14:28:06 Europe/Berlin</subfield>
      <subfield code="D">https://eu04.alma.exlibrisgroup.com/view/uresolver/49HBZ_NETWORK/openurl?u.ignore_date_coverage=true&amp;portfolio_pid=5331239110006444&amp;Force_direct=true</subfield>
      <subfield code="v">P2E_JOB</subfield>
      <subfield code="z">2020-07-23 12:28:06</subfield>
      <subfield code="i">false</subfield>
      <subfield code="S">5231239120006444</subfield>
      <subfield code="d">e?u.ignore_date_coverage=true&amp;rft.mms_id=991003950359706444</subfield>
      <subfield code="b">Available</subfield>
      <subfield code="f">BOOK</subfield>
      <subfield code="8">5331239110006444</subfield>
    </datafield>
    <datafield tag="POR" ind1=" " ind2=" ">
      <subfield code="x">System</subfield>
      <subfield code="a">5331239130006444</subfield>
      <subfield code="M">49HBZ_FHA</subfield>
      <subfield code="c">static</subfield>
      <subfield code="y">2020-07-23 14:28:15 Europe/Berlin</subfield>
      <subfield code="w">2020-07-23 14:28:06 Europe/Berlin</subfield>
      <subfield code="D">https://eu04.alma.exlibrisgroup.com/view/uresolver/49HBZ_NETWORK/openurl?u.ignore_date_coverage=true&amp;portfolio_pid=5331239130006444&amp;Force_direct=true</subfield>
      <subfield code="v">P2E_JOB</subfield>
      <subfield code="z">2020-07-23 12:28:06</subfield>
      <subfield code="i">false</subfield>
      <subfield code="S">5231239140006444</subfield>
      <subfield code="d">e?u.ignore_date_coverage=true&amp;rft.mms_id=991003950359706444</subfield>
      <subfield code="b">Available</subfield>
      <subfield code="f">BOOK</subfield>
      <subfield code="8">5331239130006444</subfield>
    </datafield>
  </record>